3567 5167
382 719 384 724 ’
463 765 510 842 30
579 739 900 819 ADRIANI
965 742 1334 837 HERINGA-

460 918 537 968 nnn
552 896 692 969 fratrum
706 895 886 993 imagines,
902 892 1041 970 testatur
1054 900 1201 988 Pausau.
1213 903 1256 976 L.
1266 927 1279 975 r
1290 926 1304 975 r
1316 927 1367 992 ‚c.
1377 923 1432 980 20.

353 992 359 1004 ’
462 996 595 1077 Πλιροίον
611 994 644 1063 δέ
655 1002 729 1066 elau
742 991 966 1083 ἐπειργασμένοι
979 996 1048 1077 λίθον
1061 996 1184 1077 Κλέοβις
1195 1004 1247 1069 κοί
1259 1005 1368 1084 Βίνιιν,
1376 1003 1431 1073 νίν·

461 1096 516 1162 τοί
539 1097 582 1162 π’
594 1089 731 1170 ἕλκοντες
749 1092 807 1173 τὴν
825 1087 962 1177 ιῖρινιξιιν,
992 1098 1045 1162 uu
1063 1093 1111 1164 ἐπ’
1130 1098 1211 1182 αὐτῇ
1230 1092 1357 1185 dumata
1375 1102 1432 1184 τὴν

460 1188 578 1276 μητέρι
591 1195 620 1266 ἐς
635 1190 672 1259 τί
689 1191 815 1277 Ἡραῖον.
862 1188 939 1261 Has
949 1188 1063 1286 itaque
1083 1193 1245 1290 imagines
1259 1196 1431 1272 Tebenno

461 1286 596 1360 vestitas
608 1283 723 1376 fuiffe‚
745 1285 828 1359 hinc
843 1286 973 1361 discere
986 1284 1077 1361 licet.
1100 1290 1185 1383 Non
1195 1289 1330 1387 possum
1346 1294 1430 1393 q'uin
1524 1312 1528 1322 “

345 1369 357 1400 ⁶
461 1383 521 1457 hie
540 1384 727 1458 intransitu
748 1383 938 1459 adscribam
955 1383 1072 1458 locum
1096 1390 1285 1472 Pausaniae
1305 1415 1349 1465 ex
1369 1394 1432 1465 ini·

459 1483 511 1554 tio
533 1483 651 1577 capitis
675 1483 785 1555 modo
807 1480 934 1556 citati..
958 1484 1129 1569 nauata
1147 1490 1314 1575 Κρείριιννι
1332 1496 1432 1560 είκίνιι

456 1581 560 1668 ἄιδρίς
578 1584 682 1651 aduae
702 1582 838 1668 τρίςιιιον
852 1584 904 1649 ἐπὶ
921 1580 1073 1669 Κορινθίοις
1087 1583 1230 1666 duas-abiu
1242 1585 1279 1657 ⁴.
1298 1588 1430 1674 ιίγιιλμοί

458 1684 507 1758 eet
527 1681 688 1764 ιιοιθιὶμενον
704 1679 771 1752 Διὸς
789 1680 948 1762 Μειλιχίν.
982 1680 1032 1750 Ita
1044 1680 1286 1776 corruptiffime
1302 1686 1431 1769 editum

458 1776 519 1850 sed
537 1778 663 1867 optime
682 1772 974 1864 praestantissimus
986 1774 1145 1849 Kuhuius
1154 1781 1333 1856 emendat:
1359 1789 1431 1853 11oe-
1508 1773 1517 1796 “

459 1873 538 1962 ρέντι
559 1874 591 1943 δὲ
603 1872 791 1960 Κρεύριιντορ
804 1876 830 1939 ἐ.
846 1879 878 1943 a.
890 1898 924 1947 a.
937 1898 972 1944 ν.
983 1878 1010 1942 ἐ.
1023 1878 1061 1941 Κ.
1076 1880 1106 1943 ί.
1121 1881 1174 1945 κοί
1186 1873 1318 1964 ἄγαλμά
1333 1883 1378 1960 ea
1397 1903 1428 1948 ιι.

461 2000 492 2043 ο.
517 1985 545 2040 λ.
572 1972 738 2044 addendo
757 1986 890 2043 tantum
909 1992 973 2065 pto
994 1968 1151 2046 asterisco
1170 1972 1315 2049 lacunae
1343 1977 1430 2049 indi·

459 2096 525 2159 ce,
548 2063 713 2143 'voculam
733 2071 800 2145 aab
830 2069 928 2166 quod
948 2085 1063 2141 tamen
1077 2071 1266 2145 admodum
1282 2071 1430 2147 necessa·

459 2170 545 2243 rium
563 2166 657 2240 haud
670 2164 826 2250 videtur,
855 2162 997 2262 vestigia
1011 2165 1100 2238 enim
1115 2167 1178 2240 viri
1192 2167 1246 2241 Cl.
1260 2167 1429 2338 lependm

431 2301 436 2305 ·
459 2269 590 2359 absque
603 2262 671 2335 ulla
680 2264 750 2334 fere
766 2260 954 2335 mutatione
964 2262 1010 2335 ita
1022 2261 1289 2338 rescn'bototum
1314 2268 1428 2341 ocum.

459 2363 591 2453 Πορὲνοι
604 2360 636 2431 δὲ
651 2359 840 2447 naemu-eu
854 2361 953 2431 οίιιίνιι
971 2359 1069 2448 ἀνδρίξ
1088 2363 1207 2443 uiuus,
1230 2366 1366 2453 upo'uaeau
1378 2370 1430 2436 ἐνί

360 2530 363 2536 ,
458 2465 612 2551 Κορινθίοις
624 2453 781 2537 dranum,
795 2452 926 2545 ίγιιλμιί
943 2462 987 2533 ἐςι
1000 2457 1064 2538 Διὸς
1076 2464 1235 2546 Μειλιχίν.
1267 2462 1366 2549 Quae
1379 2462 1428 2537 fic

457 2580 568 2634 vert0.
617 2552 926 2655 Praetergredieuti
943 2578 1025 2627 vera
1037 2558 1238 2657 Craugautis
1242 2560 1374 2662 pugilis
1384 2558 1429 2650 fi·

458 2662 668 2745 mulacrum,
698 2669 875 2749 tropaeum
894 2650 933 2723 de
955 2652 1135 2728 Corinthiis
1153 2654 1318 2747 arelium,
1337 2660 1430 2731 exci-

451 2757 514 2855 pit
522 2753 656 2857 figuum
667 2750 778 2847 Javis
792 2748 961 2823 Milichii.
1007 2750 1067 2825 Sic
1089 2751 1312 2853 intelligendo
1330 2755 1431 2831 simu·

458 2854 591 2930 lacrum
607 2848 811 2947 Creugantis
821 2849 883 2921 erit
895 2849 1004 2943 ipsum
1014 2868 1210 2945 tropaeum3
1236 2855 1325 2927 forte
1342 2856 1430 2929 enirn

379 2960 383 2980 '
453 2956 496 3045 ¹in
516 2975 633 3052 pugna
655 2967 778 3022 contra
798 2946 998 3020 Corinthios
1025 2944 1159 3023 strenue
1186 2974 1257 3023 rem
1287 2949 1431 3047 gesserat
1473 3001 1477 3008 -

461 3054 617 3150 Creugas
631 3046 703 3136 ille,
731 3045 826 3119 unde
842 3044 913 3118 eius
933 3043 1077 3118 statuam
1090 3048 1219 3141 tropaei
1232 3046 1318 3120 loco
1333 3049 1432 3145 dedi·

461 3170 594 3225 carunt.
641 3144 762 3240 Capite
782 3142 882 3215 etiam
906 3142 1122 3236 praecedenti
1150 3166 1211 3237 19,
1243 3145 1432 3242 Pausanias

460 3251 525 3323 ait:
549 3249 601 3315 κοί
621 3240 745 3330 Ε’ρμῆο,
770 3243 801 3316 ἐς
821 3242 911 3327 λύριον
928 3244 1042 3321 ποίοισιν
1055 3240 1316 3327 χελώνννιῇρνιιίορ.
1363 3245 1431 3320 Pro

459 3344 581 3421 ultimo
594 3340 665 3412 hoc
683 3337 792 3410 verbo
804 3336 985 3409 rescribere
1001 3339 1113 3409 malim
1130 3338 1266 3427 εὑρηκώς.
1292 3342 1431 3419 Mercu-

460 3445 547 3520 rium
607 3438 653 3511 im
669 3431 871 3508 testudinem
886 3452 1056 3506 mortuam
1076 3435 1164 3507 forte
1176 3436 1357 3530 inveniffe,
1379 3461 1430 3516 at·

460 3566 529 3642 que
552 3538 559 3553 ’
587 3537 630 3611 de
642 3531 749 3629 lyram
766 3530 969 3603 fabricatum
989 3528 1074 3616 effe,
1098 3532 1213 3606 notius
1235 3533 1302 3628 est,
1325 3563 1430 3637 quam

461 3661 500 3717 ut
515 3636 628 3713 multis
639 3629 814 3729 probetur.
829 3629 981 3703 Unicum
998 3626 1139 3705 consule
1152 3638 1285 3705 Homer.
1299 3636 1431 3735 Hymn.

366 3761 371 3772 “
460 3742 496 3815 in
510 3742 618 3811 Merc.
638 3754 674 3803 v:
694 3748 756 3819 24,
778 3727 815 3801 &
837 3730 930 3826 seqq.
966 3726 1038 3801 Sed
1051 3746 1184 3825 tempus
1200 3727 1248 3805 est
1261 3735 1307 3809 ad
1321 3740 1433 3838 Pallu-

460 3862 533 3912 cem
548 3827 748 3907 revertendi.

462 3941 494 4002 ι
511 3938 551 4009 L,
569 3952 631 4015 rx,
654 3926 678 3998 s.
695 3930 753 4019 63.
772 3918 845 4003 Ἔςι
868 3921 903 3993 δὲ
920 3928 972 3993 uui
991 3924 1028 3994 τί
1047 3928 1180 4008 διῶβολον
1202 3930 1234 3996 ἐν
1250 3930 1436 3999 λίολοοίκονι

450 4031 675 4129 ”ρριςοΦιίν8ο,
684 4018 780 4113 Ὅπερ
798 4022 896 4095 λοινιίν
910 4026 997 4111 μόνον
1008 4012 1044 4107 ἦν
1059 4028 1090 4097 ίν
1105 4027 1144 4113 τῇ
1158 4026 1276 4126 pauida,
1300 4018 1438 4145 διιίβολον

1343 4146 1436 4207 aevu-
