3567 5167
407 697 478 769 rm
536 635 850 776 inurant
912 697 1244 782 uuaruoa

455 860 608 951 Ἓλλεσίη.
633 866 781 948 ἡίθηνῑι
807 863 893 939 Non
909 862 1215 962 accedoKustem,
1231 860 1375 957 'Aperuit

406 963 617 1038 comeetanti
631 993 638 1059 j.
654 987 694 1038 ro
704 966 827 1050 Ἀθηνᾶ,
841 987 922 1037 cum
936 982 990 1038 tot
1005 963 1145 1038 diverbia
1159 969 1374 1061 cognomini·

402 1061 477 1137 bus
495 1062 635 1136 numina
652 1060 815 1137 Vetenrm
834 1059 1047 1158 superbiant,
1071 1084 1166 1137 nunc
1183 1066 1303 1138 aloco
1316 1062 1375 1137 ubi

407 1157 631 1247 colebantur,
652 1183 748 1234 nunc
769 1157 906 1233 aliunde
927 1157 1093 1233 dedudis.
1139 1159 1373 1257 Cogitaverim

405 1257 520 1352 potius
533 1255 785 1332 rescribendum
799 1256 947 1340 'Enoria
969 1254 1120 1342 ἡἋῦηιᾶ.
1143 1257 1242 1355 quod
1252 1258 1294 1333 fit
1307 1280 1375 1355 pro

407 1360 538 1437 εἰλενήι,
561 1376 635 1453 quo
656 1356 867 1454 cognomine
887 1355 1069 1430 colebatur
1086 1355 1291 1442 Minervam
1305 1378 1377 1429 ma-

404 1475 477 1551 gna
503 1451 671 1544 Graecia,
694 1453 1070 1552 propeMetapontum.
1115 1449 1249 1527 Videsrs
1269 1451 1376 1528 Viros

431 1547 701 1626 raestantiffimos
720 1559 759 1625 T.
781 1548 1001 1649 Hemsterhus.
1021 1550 1059 1625 de
1078 1556 1118 1624 P.
1138 1546 1314 1652 Wffelt'ng.
1337 1550 1375 1622 in
1417 1611 1430 1632 ,.

403 1574 507 1726 Euius
521 1650 612 1756 notis
625 1650 672 1722 ad
687 1650 937 1725 Antonltiner.
950 1670 984 1746 p.
995 1651 1077 1744 490.

454 1753 614 1841 Ἑμβίανοπ
642 1742 746 1835 Ἄρης.
792 1746 935 1822 Utinam
962 1743 1146 1822 addidisset
1176 1745 1376 1845 Hesychius,

402 1868 573 1942 quaenam
594 1866 680 1941 gens
700 1848 748 1918 ita
760 1845 910 1919 Martem-
920 1845 1126 1920 nominaret!
1150 1843 1222 1918 hoc
1237 1846 1320 1918 dum
1339 1869 1374 1918 a·

401 1941 522 2018 liunde
534 1960 689 2031 eruatur,
712 1965 782 2041 ego
796 1961 994 2037 corruptam
1009 1939 1141 2038 putabo
1156 1944 1374 2028 vocem’Ep·
1429 1943 1434 1954 “

402 2051 519 2134 fibrae,
545 2064 588 2116 ac
605 2040 775 2116 detortam
790 2064 835 2115 ex
858 2041 1023 2133 ’emaum
1047 2041 1147 2137 quod
1158 2040 1322 2138 flagitium
1337 2063 1373 2114 a·

400 2140 454 2216 liis
470 2140 584 2215 multis
593 2138 690 2234 peius
705 2162 779 2213 non
792 2137 850 2211 est
896 2139 1012 2212 Facile
1022 2138 1111 2210 enim
1126 2165 1152 2224 μ
1167 2138 1203 2212 &
1216 2163 1250 2220 a,
1274 2135 1323 2224 uti
1334 2139 1372 2213 dt

402 2247 424 2319 β
448 2261 491 2309 ac
512 2263 550 2316 u,
573 2256 642 2308 nec
664 2258 737 2307 non
754 2261 770 2302 ν
786 2234 820 2305 de
834 2246 864 2301 tu
881 2234 1034 2308 inveteri
1047 2234 1211 2328 scriptura
1226 2237 1374 2308 confim-

402 2337 551 2411 duntur:
577 2330 604 2404 fi
624 2331 700 2426 quis
718 2331 887 2417 ’aperiunt
904 2330 1020 2407 saltem
1033 2331 1180 2407 voluerit
1191 2354 1372 2427 reponere,

400 2453 476 2508 non
497 2428 715 2526 refragabor,
738 2434 776 2505 id
796 2428 884 2504 enirn
908 2429 1077 2504 literarum
1094 2431 1185 2504 ordo
1205 2430 1370 2504 admittit:

400 2529 463 2606 sed
483 2529 519 2700 iln
536 2525 705 2625 prioribus
723 2525 824 2604 breris
843 2549 939 2603 error
954 2525 1129 2604 certiffime
1141 2527 1191 2604 est
1205 2528 1373 2618 ardoris,
1413 2537 1417 2544 '

402 2652 477 2705 uon
502 2625 622 2700 ibrarii.
925 2704 929 2710 ,
1301 2629 1306 2636 ’

446 2724 593 2814 'Epopon
615 2725 704 2799 reru.
750 2722 854 2798 Forte
875 2724 958 2795 diiou-
971 2723 1030 2801 hic
1050 2724 1194 2800 denotat
1203 2722 1373 2821 subitur,

400 2824 653 2902 nondiuinum.

449 2921 630 2996 Ἐπίπλιδον
646 2916 799 3006 mirarier.
847 2916 1005 2993 Obscura
1020 2921 1097 2995 sunt
1109 2921 1189 2996 bina
1205 2920 1291 2992 haec
1305 2944 1369 2992 uo·

400 3022 548 3104 cabula
571 3017 755 3092 coniecerit
773 3014 849 3113 quis
865 3016 997 3106 forsan,
1019 3018 1086 3092 effe
1098 3015 1260 3113 glossam,
1274 3015 1372 3091 cuius

400 3117 587 3216 explicatio
603 3112 706 3189 deest
727 3115 812 3209 quid
827 3113 852 3186 st
866 3116 984 3188 fuerit?
999 3109 1203 3195 ἰπιπλᾰδδην.
1213 3112 1372 3200 Φέρεσθαι,

399 3217 579 3293 Laconice
592 3236 655 3305 pro
669 3213 874 3298 Ἐπιπλέζιιν,
900 3211 956 3284 vel
969 3213 1191 3294 Ἐπιπελάζεινς
1206 3214 1302 3306 quod
1322 3236 1373 3286 re·

401 3312 457 3387 eie
469 3335 529 3407 per
540 3309 681 3396 φέρεσθαι
695 3314 821 3401 exponi
834 3309 956 3399 potuit.
1004 3309 1099 3395 Quin
1116 3309 1154 3380 de
1167 3307 1370 3392 Ἐπιπλάδδην

403 3408 561 3485 vitiosum
578 3408 666 3477 forte
680 3402 728 3475 est
746 3407 1052 3496 pro'tmonridina,
1078 3408 1099 3478 i.
1118 3430 1147 3478 e.
1172 3410 1372 3492 ἐπιπολάζειν.

401 3509 501 3583 Infra.
542 3504 810 3578 Ἑπιπολάσκνπες.
832 3507 931 3571 ἐπάνω
950 3506 992 3572 ‘rai
1010 3500 1118 3580 ὕδατος
1138 3506 1372 3590 περιφερόμενοι.

401 3607 460 3682 De
473 3609 584 3681 forma
598 3624 683 3676 vero
702 3598 825 3671 horum
839 3601 1026 3673 verborum
1042 3604 1222 3675 Laconica
1237 3606 1372 3710 egregia
1498 3601 1502 3644 ³

400 3728 510 3797 nuper
524 3700 620 3778 dedit
634 3694 707 3775 Cel.
722 3696 903 3771 Valkenar.
918 3696 954 3771 in
970 3695 1123 3795 Epistola
1137 3697 1251 3789 Urfini
1262 3699 1373 3799 Virga·

402 3804 446 3881 lio
459 3802 631 3894 illustrato
643 3790 828 3894 praemiffa.

451 3898 641 3986 Ἰωνάθην,
656 3894 738 3981 ἆγεν
752 3894 918 3978 tomo.
964 3891 1059 3967 Nihil
1069 3893 1104 3966 in
1120 3892 1187 3967 hac
1199 3890 1306 3990 glossa
1322 3894 1372 3970 est

404 3996 569 4102 mysterii,
589 3996 617 4069 fi
636 3994 750 4070 modo
769 3988 960 4068 distinxeris
980 3994 1182 4083 fssefiyu'deea.
1203 3987 1284 4076 ἄγαν
1299 3994 1371 4063 bau·

1302 4115 1371 4174 ue.
