3567 5167
438 616 440 619 ’
483 624 945 704 onsnuvnrrouuu
972 617 1267 697 onnxxvu.
1312 644 1378 716 ηρ

452 813 586 887 Στέλλεο
602 821 652 886 νῦν
665 811 710 884 ἔτι
725 824 801 897 τῆλε
816 818 978 903 Δυμανίδοσ
992 819 1124 902 ἠπείροιο.

406 967 514 1042 Paulo
532 972 607 1065 post
620 973 655 1046 in
672 996 706 1043 v.
731 975 820 1056 Δύμη
835 970 964 1048 haecce
979 972 1163 1046 habentur:
1188 972 1314 1055 λέγεται
1327 961 1381 1038 rud

404 1071 619 1148 πληθυντικῶς,
647 1077 682 1146 ὡς
696 1069 922 1156 Ἀπολλόδωρος·
935 1067 1034 1142 adron
1048 1070 1192 1157 α’πέχεσα
1207 1074 1309 1149 ceddre
1323 1065 1377 1151 ρκ’.

405 1165 527 1251 ἐσχάτη
540 1179 640 1237 κοῖται
654 1168 721 1254 πρὸς
737 1170 818 1237 δύσιν
834 1175 947 1252 diuae.
973 1171 1143 1241 Eerskeu'us
1158 1167 1192 1239 in
1205 1171 1294 1239 notis
1310 1169 1375 1238 suis

405 1267 450 1333 ad
471 1269 565 1337 hunc
585 1267 703 1337 locum
726 1288 788 1358 pro
809 1268 910 1335 τέτων
932 1288 1092 1359 reponere
1115 1281 1223 1339 tentat
1240 1263 1375 1335 Ἠλείων.

405 1359 474 1432 Sed
499 1365 552 1453 (ut
572 1364 639 1434 iarn
657 1363 787 1433 mittam
809 1364 933 1434 duetus
946 1362 1113 1435 literarum
1128 1361 1228 1456 plane
1244 1363 1302 1432 dis.
1316 1362 1377 1431 mi-

316 1513 321 1520 .
402 1454 489 1546 lem)
523 1461 699 1533 damnabit
727 1482 799 1531 eam
824 1458 1077 1546 coniedlurarn,
1107 1458 1258 1555 quisquis
1281 1459 1374 1553 apud

403 1556 547 1650 Pansae.
560 1559 599 1630 L.
613 1581 673 1645 vr,
686 1556 749 1629 sub
764 1555 885 1644 finem,
910 1558 1033 1631 viderit
1048 1556 1200 1630 Larisum
1210 1557 1372 1642 fluuium,

402 1652 463 1746 qui
476 1652 637 1726 Achaeos
649 1656 693 1726 ab
712 1652 801 1727 Eleis
813 1656 1011 1746 dirimebat,
1034 1657 1079 1728 ab
1094 1655 1163 1750 ipsa
1178 1653 1263 1728 urbe
1271 1653 1372 1728 Elide

401 1769 571 1823 remotum
594 1748 689 1824 fuiffe
711 1750 821 1824 stadiis
845 1777 933 1825 cnut
946 1777 976 1842 1,
997 1755 1157 1849 adeoque
1178 1774 1249 1824 cxx
1266 1750 1373 1824 stadia

400 1846 545 1940 spatium
572 1848 649 1921 Elin
672 1851 757 1922 inter
780 1850 817 1923 8<
839 1852 979 1948 Dymen
1000 1873 1042 1923 ne
1070 1873 1217 1947 uaquam
1236 1848 1373 1942 explere

401 1943 509 2037 poffe.
558 1947 635 2020 Nee
650 1945 698 2019 est
714 1968 776 2019 eur
790 1970 915 2021 vocem
929 1947 1029 2018 τείνων
1043 1875 1231 2042 ῗυῐρεᾶειῃ
1248 1946 1373 2018 habea·

401 2066 494 2114 mus:
518 2044 598 2117 mihi
612 2044 701 2119 enirn
718 2043 948 2140 Apollodorus,
983 2069 1062 2120 curn
1076 2046 1215 2145 Dymen
1233 2045 1375 2130 ἐσχάτην

401 2139 466 2226 rada
480 2142 561 2214 δύσιν
574 2161 698 2232 vocat,
723 2145 856 2216 abortu
871 2144 1068 2239 incipiendo
1086 2143 1305 2218 Achaeorum
1319 2167 1372 2216 ur·

402 2240 461 2310 bes
480 2239 686 2314 enumeraffe
708 2242 861 2330 videtur,
882 2267 925 2315 ae
947 2242 1046 2336 proin
1065 2240 1150 2315 illud
1172 2241 1272 2312 τέτων
1287 2243 1371 2315 refe·

402 2336 547 2408 rendum
572 2338 633 2409 erit
649 2339 699 2409 'ad
715 2338 832 2409 locum
855 2337 1008 2410 Achaiae
1023 2338 1143 2411 orienti
1157 2360 1371 2432 propiorem,

402 2433 560 2529 adeoque
574 2435 619 2506 ad
634 2435 748 2506 Patras
758 2433 1011 2528 proculdubio,
1034 2459 1123 2532 quae
1137 2434 1216 2506 urbs
1232 2436 1371 2530 Dymae

401 2532 555 2624 proxima
569 2531 812 2625 eratspatium
828 2554 912 2605 vero
927 2532 1040 2604 Patras
1054 2531 1236 2627 &Dymen
1245 2531 1370 2604 disiun-

400 2649 486 2723 gens
499 2650 571 2700 cxx
586 2629 771 2702 stadiorum
786 2626 1043 2714 fuiffe‚evincet
1057 2628 1113 2703 vel
1125 2627 1370 2722 solusPausan.

400 2727 441 2798 L.
459 2748 500 2796 vr
513 2750 538 2799 1.
554 2749 585 2799 e.
608 2726 659 2799 18.
683 2726 716 2797 A
732 2728 847 2823 Dyme
861 2728 949 2801 enim
964 2728 1009 2800 ad
1024 2727 1137 2801 Pirum
1152 2749 1286 2801 amnem
1307 2751 1372 2802 nu·

397 2840 504 2896 metat
520 2822 626 2898 stadia
645 2844 704 2911 xi,
717 2822 797 2898 inde
814 2825 929 2897 Patras
942 2848 1048 2898 rxrur.
1071 2823 1209 2898 Tabula
1223 2849 1366 2921 quoque

397 2922 655 3020 Peutingeriana
676 2945 737 3016 per
762 2944 811 2995 xv
833 2924 883 2995 M.
904 2923 940 2996 P.
963 2922 1024 2996 has
1041 2923 1141 2996 urbes
1156 2922 1201 2995 ab
1219 2924 1370 2996 invicem
1434 2961 1436 2966 =

395 3041 568 3108 removet,
590 3044 679 3119 quae
692 3019 836 3093 totidem
850 3019 957 3095 stadia
975 3020 1188 3104 conficiunt3
1213 3021 1307 3095 unde
1324 3023 1369 3096 de

396 3116 464 3189 hac
479 3116 705 3212 explicatione
720 3117 851 3192 nullum
865 3118 1063 3215 relinquitur
1075 3117 1229 3192 dubium.

445 3212 516 3286 Sed
532 3215 601 3309 ipsa
624 3215 805 3312 Apododori
819 3218 925 3291 verba
941 3218 1039 3316 quod
1054 3219 1188 3306 attinet,
1213 3217 1367 3292 desumta

395 3309 451 3387 illa
465 3331 551 3406 puto
564 3335 608 3387 ex
624 3337 726 3408 opere
739 3320 804 3404 nep?
817 3316 1027 3413 musaepius
1043 3341 1062 3390 a
1076 3314 1367 3412 Stepbaddudim

394 3433 439 3485 ac
456 3427 566 3482 metro
578 3409 731 3500 Jambico
745 3416 1006 3509 couscripto,ut
1017 3415 1125 3512 liquet
1140 3435 1183 3485 ex
1195 3416 1366 3510 fragmen·

395 3508 438 3583 tis
454 3531 488 3583 V.
507 3505 622 3595 Ὡρίται
641 3508 677 3580 &
697 3508 775 3583 alibi
789 3511 911 3587 obviiS.
957 3512 1086 3584 Forsan
1097 3511 1200 3607 igitur
1213 3510 1259 3586 ita
1274 3510 1365 3586 ordi·

394 3608 509 3680 nanda
523 3609 615 3678 lunt:

440 3773 547 3845 Τέτων
561 3773 703 3858 ἀπέχωσι
718 3771 799 3850 <aidi
813 3774 922 3846 ἑκατόν
934 3801 970 3847 τε
984 3776 1012 3846 κ’
1025 3774 1114 3847 εἴκοσι

441 3876 523 3942 Κεῖτ·
538 3875 661 3961 ἐσχάτη
673 3873 741 3960 πρὸς
753 3871 811 3957 τὴν
825 3875 908 3946 δύσιν
923 3876 1036 3962 Δόμαι.

880 3974 954 4072 1³3
