3567 5167
467 732 935 818 oasruvrrrouuu
959 731 1250 811 ctuxxvu.
1298 695 1372 838 2'37

395 884 518 974 saciat,
539 908 612 959 non
629 886 731 961 estut
747 909 925 972 curemus;
948 883 1023 960 talis
1039 885 1129 959 enim
1144 883 1370 962 diflerentiaiu

398 981 469 1054 aliis
494 1007 635 1081 quoque
659 985 867 1064 observatur.
913 981 1002 1060 Illud
1027 985 1176 1083 denique
1188 999 1294 1066 n0t0,
1314 979 1372 1076 ,ct

401 1084 518 1152 Gavel
538 1083 573 1155 in
588 1081 727 1156 ufiscell.
744 1083 889 1157 Observ.
904 1082 1001 1156 Nov.
1017 1080 1062 1154 T.
1082 1081 1128 1156 V.
1142 1104 1174 1175 p.
1186 1088 1269 1166 461,
1293 1101 1372 1151 ean·

401 1178 480 1250 dem
488 1176 1372 1279 fereSophoclisfragmentomedieinamfeciffe‚quae

400 1294 515 1349 tamen
527 1274 600 1349 nbn
615 1277 772 1366 vidi‚nis1
784 1277 965 1375 postquam
977 1277 1251 1352 emendationem
1260 1297 1371 1348 meant

400 1370 466 1447 iam
483 1375 618 1448 dudum
632 1374 668 1448 in
682 1376 834 1450 chartam
846 1374 1073 1448 conieceram.

450 1471 611 1569 Sequitur
624 1474 719 1568 apud
738 1469 854 1570 steph.
866 1471 983 1544 versus
998 1469 1125 1546 Rhiaai
1137 1492 1182 1543 ex
1195 1466 1371 1546 Messenia·

403 1591 527 1646 corum
540 1572 581 1643 L
601 1593 657 1658 tv,
671 1592 793 1669 quem,
817 1591 898 1644 cum
916 1587 1015 1643 antea
1029 1570 1079 1643 ste
1092 1569 1308 1666 vulgaretur,

453 1743 559 1827 Attae
570 1748 725 1831 struinam
740 1742 853 1828 Auram
865 1746 934 1818 fuae
948 1751 1060 1832 πλείη.

405 1921 680 2018 Montfhucanius
691 1949 712 1997 e
723 1926 772 1998 M.
787 1922 822 1997 S.
835 1924 971 2023 egregie
983 1870 1313 2011 adiuvitsedendoz

451 2114 553 2196 Αὒδὴν
566 2113 721 2195 εἰσάμενος
733 2106 836 2194 Aurae*
844 2109 1018 2198 uruortnet'a.

390 2307 488 2384 quae
501 2284 684 2356 etiamnum
697 2280 816 2355 leviter
830 2297 994 2374 corrupta
1003 2278 1050 2355 ita
1063 2274 1222 2355 restituor

447 2453 549 2536 Αὗδῆν
564 2452 715 2536 εἰσάμενος
731 2443 855 2531 nutriit
866 2450 1055 2534 Naurventln.

405 2622 455 2695 fic
475 2624 604 2717 absque
623 2618 731 2694 dubio
742 2614 948 2714 legendum:
971 2617 1031 2691 sed
1044 2615 1129 2715 quid
1142 2615 1226 2693 velit
1238 2620 1372 2708 versus,

407 2745 452 2795 ex
474 2719 593 2814 paucis
612 2717 663 2789 his
677 2716 789 2789 verbis
804 2714 880 2813 quis
894 2714 1058 2813 colligat?
1084 2717 1209 2814 Agitur
1223 2718 1312 2792 forte
1328 2720 1372 2791 de

405 2818 545 2893 numine
591 2814 719 2887 uodam
737 2811 921 2887 humanam
943 2815 1088 2888 formam
1111 2810 1313 2905 assumente,
1334 2815 1373 2891 δι
1503 2817 1510 2827 ’

405 2916 546 3015 quidem
566 2841 706 2986 iimilem
728 2909 930 2985 Nicoteleae
937 2935 948 2997 3
972 2934 1046 3010 quo
1059 2912 1199 2986 nomine
1213 2915 1372 2987 feminam

404 3013 535 3110 reperio
548 3012 642 3108 apud
656 3014 800 3103 Pausan.
813 3010 854 3082 L.
872 3031 924 3082 rv.
939 3032 969 3083 c.
987 3030 1040 3098 14,
1052 3033 1142 3106 quae
1158 3009 1203 3083 ab
1215 3034 1255 3087 ea
1268 3010 1372 3085 nhia-

405 3115 441 3188 m'
456 3136 529 3186 non
543 3110 673 3186 diversa
689 3107 841 3181 videtur:
866 3105 953 3182 dicit
964 3105 1052 3181 enim
1068 3107 1272 3197 Pausanias,
1296 3133 1372 3185 earn

405 3229 547 3283 matrem
566 3207 662 3283 fuisse
685 3204 922 3280 Aristomenis:
948 3206 1008 3281 sed
1023 3204 1177 3278 trajanus
1196 3209 1231 3280 in
1250 3206 1372 3283 Messe·

403 3307 509 3382 niacis
530 3308 636 3398 (unde
650 3305 735 3380 haec
751 3305 938 3398 errantum)
960 3324 1153 3380 narraverat
1168 3303 1291 3381 bellum
1305 3308 1370 3382 La·

407 3429 514 3481 conas
532 3405 617 3478 inter
639 3403 676 3478 &
695 3402 877 3478 Messenios
897 3405 1048 3503 gestum,
1071 3405 1104 3477 in
1123 3428 1290 3503 quocum
1306 3406 1371 3498 tri·

406 3528 482 3578 mae
506 3522 615 3598 partes
634 3505 757 3576 firetint
778 3503 1018 3592 Aristomenis,
1049 3527 1122 3575 non
1144 3504 1265 3576 dubito
1286 3504 1368 3600 quin

401 3601 555 3702 praesens
566 3601 681 3679 versut
695 3602 741 3678 ad
754 3601 856 3700 ipsius
875 3621 1018 3680 matrem
1028 3603 1204 3701 pertineat.
