3567 5167
1068 724 1602 805 ADDENDA
1655 749 1759 801 m·
1799 719 2571 834 EMENDANDA.·
2628 711 2790 819 305-

784 857 870 936 P.
907 866 1136 964 263.1.
1171 893 1282 968 27.
1332 869 1519 943 Adde
1536 895 1562 943 .·
1608 868 1824 944 immo
1861 866 2095 967 postea
2135 892 2177 941 e
2199 864 2459 942 laudati
2487 859 2768 943 fabria·

890 964 1060 1039 Bibl.
1118 968 1247 1042 Gr.
1300 967 1466 1043 Vol.
1511 991 1599 1042 v1
1617 991 1682 1058 1,
1721 991 1792 1065 p.
1861 986 1972 1067 15,
2022 965 2235 1041 didici
2277 965 2537 1039 Aldum
2583 963 2760 1041 inter

890 1063 1401 1162 Grammaticos
1442 1066 1707 1165 aliquot
1757 1066 2087 1160 Graecoq
2099 1066 2188 1140 A.
2222 1080 2401 1162 1529
2426 1061 2757 1162 vulgatos

890 1158 1025 1236 iam
1066 1160 1348 1240 edidisse
1387 1164 1728 1255 libellum,
1777 1166 1893 1238 cui
1918 1162 2190 1238 titulus:
2233 1161 2500 1251 'Opeaute
2527 1170 2760 1261 ὀνομα-

888 1266 1007 1350 σιὲιι
1033 1271 1152 1332 τῶν
1177 1263 1410 1351 περὶτὰ
1441 1267 1762 1354 ςράτευμα
1789 1260 2020 1347 τάξεων
2043 1265 2153 1332 καὶ
2180 1266 2552 1358 ἣγεμονιῶνέ
2601 1259 2750 1337 Sed

891 1358 1053 1432 mihi
1079 1384 1237 1434 eum
1259 1360 1507 1436 librum
1535 1363 1774 1438 videre
1796 1384 1944 1434 non
1972 1361 2287 1460 contigit.

796 1452 869 1526 P.
915 1462 1074 1532 266.
1113 1456 1157 1532 1.
1206 1482 1313 1554 17.
1370 1458 1596 1533 Adde:
1643 1458 1882 1557 postea
1914 1482 2202 1559 quoque
2236 1457 2385 1532 vidi
2409 1458 2745 1559 epigram-

890 1577 1002 1627 ma
1047 1555 1189 1631 hoc
1239 1560 1374 1630 iam
1418 1561 1779 1633 emendate
1829 1558 2088 1633 editum
2129 1579 2176 1632 a
2217 1553 2394 1632 Viro
2426 1558 2643 1634 dofto
2669 1561 2744 1636 in

883 1652 1169 1728 Miscell.
1201 1656 1492 1744 ObserV‚
1517 1658 1710 1732 Nov.
1732 1655 1825 1730 T.
1858 1680 1887 1729 1
1906 1681 1933 1729 1
1954 1680 2012 1729 1.
2038 1678 2108 1752 p.
2145 1675 2295 1753 147.
2323 1656 2511 1731 unde
2536 1656 2743 1735 etiam

887 1755 1210 1841 ἀριςεόεσιι
1235 1778 1491 1850 gepone
1511 1778 1640 1850 pro
1666 1756 1840 1843 ἀρίςη
1860 1744 2003 1828 ἔστι.
2527 1836 2534 1848 ,

790 1842 864 1920 Ρ.
891 1873 1043 1947 277.
1068 1856 1111 1927 1.
1142 1874 1251 1945 24.
1300 1851 1527 1924 Adde:
1591 1854 1701 1929 Cl.
1727 1852 1826 1951 J.
1857 1851 1952 1951 J.
1980 1850 2325 1929 Reiskium
2351 1852 2426 1929 in
2449 1852 2742 1936 Miscell.

884 1948 1067 2044 Lips.
1092 1950 1596 2026 alicubilocum
1608 1953 1803 2027 hunc
1817 1952 2068 2028 eodem
2078 1951 2301 2028 modo
2312 1951 2743 2045 emendasse.

882 2048 1126 2126 docuit
1147 2073 1260 2125 me
1295 2052 1800 2127 Valckenarius.
