3567 5167
481 737 1210 847 onsnnvirromumem.
1236 759 1266 834 r.
1342 779 1362 856 ς

393 918 461 990 bus
481 935 553 992 erat
565 913 775 1004 utilissimus,
804 916 864 1013 qui
881 911 931 989 fic
945 911 1105 1010 facillime
1123 912 1364 1010 Hippocratem

394 1015 434 1087 ὅ(
450 1016 646 1094 Erottanum
663 1014 814 1090 invicem
828 1015 1039 1089 contendere
1050 1029 1217 1108 poterant.
1329 1105 1337 1119 ·

443 1110 512 1193 Sed
535 1113 659 1188 deinde
673 1112 790 1189 nescio
806 1110 882 1209 quis
895 1110 1118 1186 maleseriatus
1132 1109 1268 1182 Lexico
1281 1105 1363 1180 huie

397 1204 559 1292 videndas
577 1232 700 1290 manus
711 1212 850 1298 inferre,
873 1227 976 1306 atque
987 1209 1072 1286 illud
1084 1206 1276 1282 secundum
1290 1204 1363 1278 lite-

395 1324 505 1386 rarum
527 1309 684 1389 ordinem
696 1308 875 1403 disponere
890 1305 990 1380 ausus
1006 1306 1073 1395 est,
1096 1303 1362 1402 pulcherrimum

390 1405 641 1493 proculdubio
662 1407 795 1483 facinus
807 1406 879 1480 hoe
892 1405 1058 1499 opinatus.
1109 1405 1150 1479 Id
1161 1420 1275 1476 tamen
1287 1400 1361 1478 lau·

394 1498 498 1583 doio
511 1528 580 1591 eo,
604 1500 1174 1601 ¹quodnonpenitusinordinem
1187 1499 1362 1595 Alphabe·

323 1665 326 1669 .
394 1596 506 1671 ticum
521 1600 711 1695 redegerit,
733 1598 794 1672 sed
807 1608 942 1672 tantum
950 1596 1153 1691 excerpserit
1167 1597 1278 1692 primo
1292 1618 1365 1669 om·
1411 1656 1414 1665 .

394 1694 921 1790 monceau-dirimentes,
951 1696 1091 1783 ordire,
1116 1718 1188 1793 quo
1201 1717 1257 1769 eas
1270 1693 1305 1768 in
1318 1702 1366 1765 Ε·
1414 1715 1419 1723 ·

394 1790 523 1874 rationi
534 1788 706 1877 Glossatio
715 1792 921 1890 reperiebat:
943 1805 1017 1868 tum
1036 1794 1160 1868 eodem
1172 1793 1283 1868 modo
1297 1814 1366 1881 eas,

398 1912 489 1983 quae
506 1897 588 1976 apli,
607 1895 652 1971 Γ,
680 1888 752 1964 &n
774 1888 968 1987 incipiente
994 1890 1083 1967 hinc.
1096 1893 1185 1965 enim
1207 1890 1292 1965 illud
1314 1889 1367 1966 lu·

397 2007 545 2064 mamre*
563 1989 743 2070 commodi
754 2014 784 2073 3.
803 1987 843 2063 ut
862 1988 1021 2087 quamvis
1041 1990 1177 2085 perdito
1196 1990 1295 2087 quod
1317 1989 1366 2063 ad

397 2102 511 2158 toturn
518 2084 1031 2186 ,audoneordinednsmgulio
1042 2106 1158 2161 tamen
1169 2084 1269 2160 literis
1283 2108 1365 2160 eum

397 2181 735 2280 adhucsuperffitem
745 2185 951 2276 habeamus,
979 2184 1017 2258 &
1030 2185 1112 2261 hinc
1127 2208 1236 2261 voces
1250 2206 1366 2259 exem

342 2330 344 2335 -
399 2280 478 2354 dem
486 2278 593 2364 Libro
604 2281 708 2364 extet
744 2283 828 2362 ¹aese
841 2302 964 2365 mutuo
977 2282 1177 2381 sequantur,
1191 2282 1367 2398 quodsao

397 2399 442 2473 pe
459 2377 580 2453 summi
590 2378 703 2455 ususe
737 2435 749 2469 ,
772 2401 812 2455 ut
826 2383 906 2457 dein
918 2380 1236 2458 latiusmonstrabo
1355 2447 1359 2454 ,

300 2544 302 2547 ,
447 2475 607 2565 Necest,
629 2478 729 2589 quod
743 2479 880 2553 miretur
892 2480 1056 2579 quispiam
1064 2535 1091 2568 ‚.
1108 2497 1241 2555 tantum
1256 2479 1317 2554 fibi
1330 2479 1367 2552 in

400 2567 566 2649 Veterum
590 2574 721 2671 scriptis
747 2576 990 2673 interpolandis
1014 2574 1185 2651 inddsiffe
1211 2577 1368 2652 homines

400 2669 489 2747 male
510 2673 665 2749 sedulos:
690 2697 757 2747 nec
780 2676 870 2749 enirn
882 2677 919 2747 in
934 2674 1045 2761 solum
1064 2672 1200 2771 grassati
1219 2676 1295 2749 sunt
1320 2683 1366 2745 Ε-

400 2769 582 2851 rotionum.
613 2755 724 2845 'Idem
738 2793 915 2867 expertem
930 2770 981 2847 est
997 2769 1211 2849 Glossarium
1231 2769 1370 2845 Herodo-

401 2870 1371 3060 tissadtsssitsttddms{tsn’idtsssd‘r

402 3060 504 3157 ipsius
521 3059 696 3134 Herodoti:
729 3061 836 3135 immo
853 3061 1002 3156 superest
1020 3061 1223 3137 adhucdum
1244 3064 1373 3145 Codex
1465 3101 1469 3110 ·

404 3159 440 3234 in
460 3158 592 3249 Gallia,
621 3160 717 3233 unde
731 3183 833 3233 verus
845 3159 931 3232 illius
944 3158 1034 3234 ordo
1047 3160 1084 3233 in
1097 3160 1267 3257 integrum
1281 3159 1373 3235 resti·

362 3264 367 3277 “
405 3254 456 3329 tui
468 3256 587 3351 potest.
633 3254 728 3331 Vide
739 3257 944 3353 Montsouc:
965 3254 1124 3333 Biblioth.
1143 3261 1229 3361 coest.
1242 3283 1275 3356 p.
1289 3258 1370 3352 484.

406 3353 570 3427 Necnon
584 3353 791 3429 Glossarium
805 3356 974 3454 oppiani,
997 3357 1298 3455 quodsecundum
1309 3358 1371 3434 Al·

301 3480 303 3483 ⁴
405 3449 544 3547 phabeti
555 3451 670 3529 seriem
685 3455 837 3529 ediderat
851 3452 1062 3555 Rutgerfiu55
1084 3455 1146 3531 sed
1161 3456 1199 3529 &
1213 3456 1296 3532 huic
1310 3482 1370 3532 ve-

405 3571 483 3621 rum
498 3550 651 3625 ordinem
675 3576 695 3625 e
714 3553 763 3624 M.
777 3551 813 3628 S.
831 3552 940 3627 libro
953 3552 1093 3638 restituit
1104 3552 1159 3628 Cl.
1176 3555 1371 3629 Dorvillius

406 3645 703 3740 MiscedObserv.
715 3646 798 3723 Vol.
814 3672 876 3739 ix,
900 3670 934 3743 p.
951 3673 1039 3736 100,
1063 3650 1100 3723 ὃ(
1113 3652 1205 3748 seqq.
1218 3712 1223 3719 .
1238 3660 1372 3725 Ammo·
1454 3733 1456 3738 ⁴

407 3744 463 3828 nii¹
485 3744 586 3822 etiam
614 3768 657 3819 ac
686 3744 830 3819 Thomae
860 3744 1024 3847 Magistri
1049 3770 1157 3854 opera
1177 3746 1257 3823 olim
1278 3751 1371 3834 aliter

408 3867 451 3916 ac
463 3866 560 3919 nunc
575 3842 735 3939 disposita
747 3841 843 3919 fuisse
856 3844 1008 3919 statuunt
1019 3843 1242 3936 Virieruditi,
1253 3851 1375 3925 validis

406 3939 483 4015 satis
496 3943 687 4019 rationibus
698 3940 841 4017 subnixi.
889 3943 1030 4030 Uffltam
1044 3945 1100 4018 cui
1115 3947 1204 4022 adeo
1219 3947 1309 4022 felici
1323 3974 1375 4022 es·
1468 4034 1469 4040 ἵ

408 4038 443 4113 se
462 4042 662 4144 contingat,
693 4060 733 4114 ut
752 4041 882 4117 incidat
892 4065 939 4218 pp
958 4041 1115 4125 Eroti'aoi
1129 4045 1301 4142 exemplar
1316 4070 1376 4118 na·

452 4176 456 4188 ι
955 4163 974 4239 3
1271 4164 1382 4219 tivum
