3567 5167
469 733 1030 843 onsnuvnmouum
1054 754 1198 833 ‚eno
1225 756 1255 830 r.
1332 775 1351 851 ς

381 914 449 986 bus
469 931 541 988 erat
561 909 764 1000 utilissimus,
792 912 853 1009 qui
870 908 920 985 fic
934 907 1093 1006 facillime
1112 908 1353 1007 Hippocratem

382 1011 422 1083 dr
438 1012 635 1095 Erottkmum
652 1011 803 1086 invicem
817 1011 1028 1085 contendere
1039 1024 1205 1103 poterant.

431 1106 500 1190 Sed
523 1109 648 1184 deinde
662 1108 779 1186 nescio
795 1106 871 1206 quis
883 1106 1107 1183 maleferiatus
1121 1105 1257 1178 Lexico
1270 1101 1352 1176 huie

385 1201 547 1290 violentas
566 1229 689 1286 monus
700 1208 838 1294 inferre,
862 1223 965 1302 atque
976 1205 1061 1281 illud
1073 1202 1265 1278 secundum
1279 1200 1352 1274 lite·

383 1321 493 1382 rarum
516 1305 673 1385 ordinem
685 1304 863 1399 disponere
879 1302 979 1377 ausus
995 1302 1063 1392 est,
1085 1300 1351 1399 pulcherrimum

379 1401 504 1489 procul
520 1403 630 1482 dubio
650 1403 784 1479 facinus
796 1400 867 1475 hoc
880 1401 1048 1495 opinatus.
1098 1402 1264 1475 Idtamen
1276 1396 1350 1474 lau·

382 1494 486 1580 doin
499 1524 569 1588 ee,
593 1496 1163 1597 ,quodnonpenitusinordinem
1177 1496 1350 1591 Alphabe-

311 1662 314 1665 ,
383 1593 492 1668 ticum
509 1597 700 1691 redegerit,
722 1595 930 1668 sedentum
939 1592 1142 1687 excerpserit
1157 1594 1267 1687 primo
1280 1614 1354 1665 om·
1399 1603 1404 1661 .'

383 1690 910 1787 neevocesabanmcipientes,
940 1691 1080 1780 ordine,
1105 1714 1177 1788 quo
1190 1712 1246 1764 eas
1259 1688 1293 1763 in
1308 1698 1355 1761 E·
1403 1710 1408 1719 ·

382 1787 511 1871 rationi
522 1784 695 1873 Glossario
704 1788 909 1886 reperiebat:
932 1800 1006 1864 tum
1025 1789 1149 1864 eodem
1161 1788 1272 1863 modo
1286 1810 1356 1876 ear,

386 1909 477 1980 quae
495 1894 576 1972 2¹13,
596 1892 640 1967 Γ,
669 1884 741 1961 &e
764 1885 956 1983 incipiunte
983 1886 1071 1962 binc.
1085 1888 1174 1961 enim
1196 1886 1282 1961 illud
1304 1884 1357 1962 lu·

385 2004 533 2060 eremius
551 1985 732 2067 commodi
743 2010 773 2069 3,
792 1983 832 2059 ut
851 1984 1009 2083 quamvis
1030 1985 1166 2081 perdito
1185 1986 1284 2082 quod
1307 1984 1355 2058 ad

385 2081 674 2170 totum,audoris
687 2081 1019 2182 ordiuednfingulis
1031 2102 1147 2157 tamen
1159 2080 1258 2155 literis
1273 2104 1354 2155 eum

385 2178 724 2277 pdhucsuporstitem
734 2181 939 2272 surberuuus,¹
968 2180 1005 2255 &
1019 2181 1102 2256 hine
1116 2203 1226 2256 voces
1239 2200 1355 2254 exeo·

330 2327 332 2331 -
387 2277 467 2350 dem
475 2275 582 2360 Libro
590 2298 774 2378 excerptae
783 2279 818 2354 se
830 2298 954 2361 mutuo
966 2278 1166 2377 sequantur,
1181 2276 1357 2394 quodsum

385 2396 431 2469 pe
447 2374 568 2449 summi
578 2376 658 2450 usus
671 2374 739 2466 est,
762 2398 801 2452 ut
815 2379 896 2453 dein
907 2376 1225 2453 latiuomonstrabo
1345 2442 1348 2448 .

436 2472 516 2548 Nec
526 2472 595 2562 est,
618 2475 717 2585 quod
732 2475 869 2549 miretur
881 2476 1080 2574 quispiam„
1096 2494 1230 2550 tantum
1245 2474 1307 2549 fibi
1319 2474 1356 2548 in

389 2564 554 2646 Veterum
579 2572 710 2667 scriptis
736 2569 1175 2669 interpolandis.indrds1sse
1200 2573 1357 2648 homines

389 2666 477 2743 male
499 2669 654 2745 sedulost
679 2693 746 2743 nec
770 2671 908 2745 crimin
923 2670 1034 2757 solum
1053 2668 1189 2767 grassati
1207 2671 1284 2745 sunt
1310 2678 1356 2741 E·

388 2765 570 2846 ratianum.
601 2749 713 2841 ‘Idem
727 2787 904 2863 expertem
919 2766 970 2843 est¹
986 2765 1200 2844 Glossarium
1220 2765 1359 2841 Herodo-

390 2876 507 2952 teum‚
526 2886 598 2959 quo
613 2866 656 2937 de
669 2881 748 2939 ante
765 2866 856 2953 dixi3
874 2890 942 2941 nec
964 2867 1085 2955 enim..
1106 2886 1210 2963 prout
1225 2867 1357 2954 editur,

391 2960 513 3035 ordine
533 2958 766 3054 Alphabetico
784 2963 947 3057 scriptum
959 2982 1047 3049 erat,
1078 2961 1140 3037 sed
1155 2965 1201 3036 ad
1216 2964 1360 3039 dueum

391 3056 492 3153 ipfius
510 3056 669 3131 Herodoti
675 3080 685 3129 τ
718 3057 825 3131 immo
842 3058 991 3153 superest
1009 3058 1213 3133 adlmcdrun
1233 3060 1362 3140 Codex
1454 3097 1458 3106 ·

392 3155 429 3231 in
449 3155 581 3245 Gallia,
611 3156 706 3230 unde
720 3179 822 3229 verus
834 3155 920 3229 illius
933 3155 1023 3231 ordo
1035 3156 1072 3229 in
1085 3157 1255 3253 integrum
1271 3156 1362 3231 resti·

350 3261 356 3274 “
394 3251 445 3325 tui
457 3253 576 3347 potest.
623 3250 716 3328 Vide
728 3253 933 3349 Montfhuc:
954 3251 1114 3330 Biblioth.
1127 3257 1219 3357 Coiss.
1231 3279 1265 3352 p«
1279 3254 1360 3348 484.
1476 3273 1478 3278 “

395 3349 559 3424 Necnon
574 3349 779 3426 Glossarium
794 3352 963 3449 Oppiani,
986 3355 1085 3450 quod
1097 3353 1288 3431 secundum
1299 3354 1361 3429 Al·

394 3445 534 3544 phabeti
544 3448 659 3525 seriem
674 3451 826 3525 ediderat
840 3448 1051 3552 Rutgerſsu53
1073 3450 1135 3527 sed
1150 3452 1188 3525 dr
1202 3452 1286 3527 huic
1300 3478 1359 3527 ue-

394 3568 472 3618 rum
487 3546 640 3622 ordinem
664 3573 684 3621 e
703 3550 752 3621 M.
766 3548 802 3625 S.
820 3548 930 3625 Libro
943 3547 1082 3633 restituit
1093 3548 1148 3624 Cl.
1165 3551 1360 3625 Dorvillius
1419 3590 1421 3593 ⁴

395 3642 787 3737 Miscenobservvol.
803 3668 865 3736 ror,
888 3667 923 3740 p.
940 3670 1028 3734 100,
1052 3646 1089 3720 &
1102 3648 1195 3744 seqq.
1208 3707 1213 3716 .
1227 3656 1362 3721 Ammo·
1444 3730 1446 3736 ,

396 3741 453 3827 nii¹
474 3742 575 3818 etiam
603 3765 646 3817 ac
675 3740 819 3815 Tbomae
848 3741 1012 3843 Magistri
1039 3767 1146 3850 opere
1166 3742 1247 3819 olim
1268 3747 1361 3824 aliter

398 3864 440 3913 ac
452 3863 549 3916 nunc
564 3838 724 3937 dispofita
736 3838 832 3915 fuisse
845 3840 997 3916 statuunt
1008 3840 1232 3932 Viri-eruditi,
1242 3847 1364 3922 validis

395 3936 472 4012 satis
486 3940 675 4016 rationibus
686 3936 830 4013 subnixi.
868 3939 1020 4026 ,Utinam
1033 3942 1090 4014 cui
1104 3943 1194 4018 adeo
1209 3943 1299 4019 felici
1313 3970 1365 4018 es·

397 4035 432 4109 se
452 4039 651 4139 contingat,
681 4057 722 4111 ut
741 4037 872 4113 incidat
881 4038 928 4214 gr
948 4038 1105 4122 Erotit‘mi
1118 4042 1291 4152 exemplar
1306 4066 1365 4114 nn·

440 4173 446 4184 ⁴
944 4159 963 4235 3
1261 4160 1371 4213 tivum
