3567 5167
1067 722 1602 803 ADDENDA
1655 747 1759 799 m
1799 679 2571 832 EMENDANDA.·
2629 708 2778 816 305

783 856 870 936 P.
907 865 1135 963 2631.
1170 892 1282 967 27.
1332 867 1519 941 Adde
1536 893 1561 941 .·
1608 867 1824 942 immo
1861 864 2095 965 postea
2135 890 2177 939 e
2199 862 2459 940 laudati
2487 857 2769 940 Fabria

890 963 1060 1038 Bibl.
1118 967 1247 1041 Gr.
1300 965 1466 1041 Vol.
1511 989 1599 1040 v1
1618 989 1682 1056 1,
1721 989 1792 1063 p.
1861 984 1972 1065 15,
2022 963 2235 1039 didici
2277 962 2539 1037 Aldtcm
2582 961 2760 1038 inter

890 1062 1402 1162 Grammaticos
1443 1065 1707 1163 aiiquot
1757 1064 2089 1158 Graecoq
2099 1064 2189 1138 A.
2222 1078 2402 1163 1529
2426 1059 2757 1160 vulgatos

890 1157 1026 1235 iam
1067 1159 1349 1238 edidisse
1388 1163 1729 1253 libellum,
1778 1164 1894 1236 cui
1919 1160 2191 1236 titulus:
2212 1159 2501 1249 ''Opemle
2528 1168 2760 1259 ὀνομα-

889 1265 1008 1350 ᾳιέιι
1034 1270 1153 1331 τῶν
1178 1261 1411 1350 περὶτὰ
1442 1265 1763 1352 ςράτευμα
1790 1258 2021 1345 τάξεων
2044 1263 2154 1330 καὶ
2181 1264 2553 1356 ἣγεμονιῶνέ
2601 1257 2750 1335 Sed

892 1358 1054 1431 mihi
1080 1383 1238 1433 eum
1260 1359 1508 1435 librum
1536 1361 1775 1436 videre
1797 1382 1945 1432 non
1973 1358 2288 1458 contigit.

797 1452 870 1526 P.
916 1461 1075 1531 266.
1114 1455 1159 1531 1.
1207 1481 1314 1553 17.
1371 1456 1597 1531 Adde:
1644 1456 1883 1555 postea
1915 1467 2203 1557 quoque
2237 1455 2386 1529 vidi
2409 1455 2746 1557 epigram-

890 1576 1003 1627 ma
1048 1554 1190 1630 hoc
1240 1558 1375 1629 iam
1419 1559 1780 1631 emendate
1829 1556 2090 1631 editum
2130 1577 2177 1630 a
2218 1551 2395 1630 Viro
2427 1556 2644 1631 doeio
2670 1558 2746 1633 in

884 1651 1169 1727 Miscell.
1202 1655 1493 1743 ObserV‚
1518 1657 1711 1730 Nov.
1733 1653 1826 1728 T.
1859 1678 1888 1727 1
1907 1679 1934 1727 1
1955 1678 2014 1727 1.
2039 1676 2109 1750 p.
2146 1673 2296 1751 147.
2324 1654 2512 1729 unde
2536 1654 2744 1733 etiam
2818 1707 2823 1714 -

888 1754 1211 1840 apes-edema
1235 1777 1492 1849 gepone
1512 1777 1641 1849 pro
1667 1754 1841 1841 ἀρῖςη
1861 1742 2004 1826 ἔστι.
2528 1834 2535 1846 ,

791 1842 865 1919 Ρ.
892 1873 1043 1947 277.
1069 1855 1112 1926 1.
1143 1873 1253 1944 24.
1301 1850 1528 1923 Adde:
1592 1852 1702 1927 Cl.
1728 1850 1828 1949 J.
1858 1849 1953 1949 J.
1981 1848 2326 1927 Reiskium
2352 1849 2427 1927 in
2451 1850 2743 1934 MiscelL

885 1948 1068 2043 LipS.
1092 1949 1597 2025 alicubilocum
1609 1951 1804 2025 hunc
1819 1950 2069 2026 eodem
2079 1949 2302 2026 modo
2314 1949 2744 2043 emendasse,
2892 1957 2897 1970 '

883 2048 1127 2126 docuit
1148 2072 1261 2125 me
1295 2050 1801 2133 Valckenarius.
