3567 5167
1130 497 1147 532 ἱ

361 717 861 815 -tm·noR1AN1
924 727 1327 832 HERJNGA'·

279 970 282 981 ¹
412 882 480 958 cile
497 880 565 955 ‘hac
589 881 827 957 emendatione
841 876 1052 969 earebimui,
1084 902 1152 955 nec
1168 880 1258 957 enim
1277 885 1381 952 ‹hate-

412 982 474 1073 μὰς
488 980 536 1055 est
551 1003 572 1054 a
585 982 732 1069 Φιλόρης
756 979 815 1052 sed
827 977 876 1052 est
887 976 993 1071 ipsum
1007 1000 1135 1051 nomen
1154 980 1247 1054 urbis
1265 978 1384 1053 Locri·

364 1073 367 1080 ¹
412 1102 487 1153 cae.
510 1078 701 1173 Stephanus
717 1074 823 1149 clare:
847 1076 1125 1163 hanepdmdhc
1138 1080 1296 1169 houptine„
1337 1077 1383 1152 Et

411 1177 582 1271 integrunt
609 1175 634 1247 st
655 1174 856 1247 haberemus
881 1171 1122 1270 Stephanum,
1142 1197 1214 1248 non
1238 1174 1383 1261 dubito,

295 1287 297 1293 “
438 1277 496 1349 uin
520 1270 809 1369 conspiceremus
824 1271 925 1346 etiam
943 1270 1051 1367 ipsum
1073 1272 1291 1371 Lycophronis
1308 1296 1385 1347 vet·

410 1298 497 1451 dum.
509 1370 600 1445 Dein
615 1392 680 1465 pro
692 1372 851 1461 nuptum
865 1371 957 1441 νάπαι
972 1367 1113 1467 corrigit
1127 1372 1386 1443 Berkeltasmv·

354 1523 362 1533 .
412 1473 527 1562 phos,
548 1487 588 1544 ut
602 1469 762 1543 dicantur
776 1471 821 1542 ab
836 1471 921 1541 urbe
934 1466 1070 1565 Pytaso
1100 1468 1272 1544 Concedo
1288 1470 1386 1566 equi·

414 1569 495 1644 dem
516 1563 717 1642 mendosam
734 1563 805 1639 effe
820 1563 1000 1666 iedionem
1014 1562 1208 1661 vulgatam
1236 1590 1389 1665 namque

273 1668 276 1674 ’
414 1668 584 1756 Πύρανθος,
609 1673 692 1743 πόλις
703 1668 816 1762 μικρᾷ,
830 1656 851 1745 ti
864 1666 949 1750 κώμη
964 1664 1165 1755 dipticae-capi
1177 1671 1322 1754 Γόρτυναι
1347 1684 1388 1739 ut

415 1767 462 1837 ait
480 1764 787 1860 Stephanus,quae
802 1764 905 1857 igitur
915 1762 996 1835 hinc
1011 1764 1129 1838 aliena.
1153 1766 1224 1839 Sed
1237 1787 1302 1837 nec
1317 1764 1387 1835 Πύ-

412 1887 498 1954 pmc
518 1859 590 1934 huc
610 1861 772 1955 pertinet,
803 1882 907 1955 quam
923 1858 1042 1955 steph,
1056 1861 1163 1935 docet
1184 1859 1252 1936 effe
1267 1863 1386 1937 urbem

397 1957 574 2049 -Phthiae,
598 1958 656 2033 seu
669 1956 889 2044 Phthiotidis,
902 1957 1062 2055 adeoque
1076 1976 1172 2033 extra
1185 1960 1382 2036 Locridem.

319 2049 351 2139 Χ,
412 2061 553 2135 Certam
571 2057 673 2153 igitur
692 2074 778 2150 puto
797 2079 906 2130 meam
924 2056 1214 2147 emendationem,
1246 2081 1316 2156 qua
1332 2081 1386 2133 re·

412 2180 510 2254 pono
530 2163 697 2241 Πυρωναῒαι
717 2157 818 2223 νάπαι.
873 2151 1114 2224 Fideiufforem
1131 2155 1225 2226 dabo
1237 2156 1385 2233 eundem

412 2250 633 2348 Stephanum.
656 2248 827 2335 ssvpataet'a,
851 2252 933 2327 πόλις
946 2252 1105 2340 Λοκρίδος,
1119 2251 1178 2341 ἀπὸ
1193 2253 1337 2346 Πὺρωνος.

461 2421 580 2503 Λοκρῶν
595 2412 718 2495 ayunt,
744 2411 795 2478 nat
809 2398 975 2500 vauvahu
989 2407 1131 2515 adeun}-

461 2577 575 2675 Ipsum
597 2569 841 2673 Lycophronis
864 2574 998 2649 'versum
1020 2575 1182 2667 adducit,
1217 2573 1315 2652 cuius
1336 2595 1388 2651 ta·

415 2699 495 2753 men
520 2691 647 2748 nomen
669 2669 810 2745 excidit.
855 2667 987 2747 Videre
1009 2674 1080 2749 hoe
1100 2679 1228 2750 Berkel.
1250 2677 1287 2749 &
1307 2680 1389 2749 Hol-

401 2776 556 2874 stemus,
579 2793 682 2869 quem
697 2787 813 2845 tamen
825 2767 948 2859 miror,
977 2774 1076 2869 quod
1086 2774 1298 2871 Stephanum
1312 2798 1389 2847 cor-

415 2892 519 2969 rupto
534 2865 716 2964 exemplari
737 2866 836 2940 usum
851 2870 994 2962 putarit:
1017 2872 1116 2968 supra
1130 2876 1217 2947 enim
1242 2874 1389 2968 probavi

417 2975 454 3046 τὸ
470 2972 627 3059 nephota
650 2964 978 3039 hiesubfisterenon
992 2969 1103 3063 posse,
1140 2972 1298 3065 Denique
1311 2970 1388 3042 ulti-

416 3097 477 3147 mo
492 3068 592 3145 versu
607 3062 779 3139 Berkelias
793 3061 875 3162 legit
888 3064 1034 3156 fontei,
1064 3086 1103 3140 ut
1123 3068 1270 3140 malebat
1283 3066 1386 3143 etiam

409 3182 605 3252 canterus,
627 3164 932 3260 ,nectefragabom
955 3164 1053 3260 siqui
1067 3165 1117 3239 M.
1132 3164 1168 3237 8.
1182 3164 1217 3239 S.
1233 3163 1280 3237 ita
1295 3165 1391 3241 exhi·

414 3270 514 3343 bent:
527 3262 626 3356 quod
643 3262 759 3335 donec
772 3279 885 3354 pateat
901 3261 1033 3335 retineri
1046 3261 1147 3337 etiam
1161 3264 1286 3360 poterit
1296 3263 1390 3345 ἸΛέος

417 3363 474 3442 vel
491 3359 587 3438 Ἰλέως
608 3376 647 3432 ut
668 3355 833 3430 monstrat
856 3366 982 3430 Potter.
1006 3359 1042 3430 in
1065 3360 1178 3434 Notis.
1228 3362 1391 3438 Ceterum

415 3487 463 3543 ex
483 3462 554 3536 hoc
575 3452 795 3556 Lycophronis
816 3453 900 3527 loco
922 3478 1048 3553 augere
1072 3456 1239 3534 debuisset
1260 3465 1394 3533 Palme-

417 3566 490 3640 rius
505 3554 639 3633 urbium
651 3551 877 3627 Locricarum
894 3574 1096 3646 numerum,
1120 3578 1224 3658 atque
1236 3560 1322 3633 inter
1336 3586 1393 3633 eas

417 3664 539 3736 referte
552 3675 627 3729 tunt
642 3648 877 3726 Phaloriadem
894 3650 931 3724 &
943 3654 1178 3752 Pyronaeam,
1200 3678 1274 3732 tum
1287 3659 1395 3729 maxi-

418 3783 475 3835 me
497 3757 598 3834 etiam
611 3752 805 3850 Naryeem,
836 3772 942 3849 quam
964 3753 1081 3828 nescio
1094 3754 1275 3854 quomodo
1291 3753 1394 3828 omit-

387 3920 389 3923 .
415 3877 488 3932 tere
510 3850 676 3948 potuerit,
706 3872 789 3924 cum
810 3848 848 3922 δι
870 3849 989 3947 Steph.
1015 3851 1053 3928 δι
1073 3850 1393 3946 Plin.a1iiqueeam

417 3966 625 4028 memorent:
655 3945 763 4019 immo
790 3948 835 4021 ad
852 3948 1029 4049 Natycem
1051 3952 1216 4045 pertinent
1241 3948 1394 4025 binailla

406 4052 498 4138 ,loca
511 4043 662 4133 Diodori
680 4068 770 4143 quae
790 4067 825 4139 p.
852 4064 914 4147 571
937 4047 1117 4143 producit:
1139 4045 1238 4143 quod
1251 4048 1340 4120 enim
1357 4049 1394 4125 in

1286 4167 1393 4242 pnon
